@article{dti_article,
    author = "Heidi M Feldman and Jason D Yeatman and Eliana S Lee and Laura H F Barde and Shayna Gaman-Bean",
    title = "{Diffusion Tensor Imaging: A Review for Pediatric Researchers and Clinicians}",
    journal = "Journal of Developmental and Behavioral Pediatrics",
    volume = "31",
    number = "4",
	pages ="346--356",
	year = "2010",
    month = "May",
    DOI = "10.1097/DBP.0b013e3181dcaa8b"
}

@article{dti_brain_mapping1_article,
    author = "P.J. Basser and J. Mattiello and D. Lebihan",
    title = "{MR Diffusion \emph{Tensor} Spectroscopy and Imaging}",
    journal = "Biophysical Journal",
    volume = "66",
    number = "1",
	pages ="247--254",
	year = "1994",
    month = "January",
    DOI = "10.1016/S0006-3495(94)80775-1"
}

@article{dti_brain_mapping2_article,
    author = "P.J. Basser and J. Mattiello and D. Lebihan",
    title = "{Estimation of the Effective Self-Diffusion \emph{Tensor} from the NMR Spin Echo}",
    journal = "Journal of Magnetic Resonance Series B",
    volume = "103",
    number = "3",
	pages ="247--254",
	year = "1994",
    month = "March",
    DOI = "10.1006/jmrb.1994.1037"
}
 
@article{fadtts_article,
    author = "Hongtu Zhu and Linglong Kong and Runze Li and Martin Styner and Guido Gerig and Weili Lin and John H. Gilmore",
    title = "{FADTTS: Functional analysis of diffusion tensor tract statistics}",
    journal = "NeuroImage",
    volume = "56",
    number = "3",
	pages ="1412--1425",
	year = "2011",
    month = "June",
    DOI = "10.1016/j.neuroimage.2011.01.075"
}

@manual{fadtts_manual,
	title = "{Matlab Tool: Functional Multivariate Varying Coefficient Models for DTI tract Statistics}",
    author = "Linglong Kong"
}

@article{goodlett2009group,
  title={Group analysis of DTI fiber tract statistics with application to neurodevelopment},
  author={Goodlett, Casey B and Fletcher, P Thomas and Gilmore, John H and Gerig, Guido},
  journal={Neuroimage},
  volume={45},
  number={1},
  pages={S133--S142},
  year={2009},
  publisher={Elsevier}
}

@article{unc-utah_namic_article,
    author = "Audrey R. Verde and Francois Budin and Jean-Baptiste Berger and Aditya Gupta and Mahshid Farzinfar and Adrien Kaiser and Mihye Ahn and Hans Johnson and Joy Matsui and Heather C. Hazlett and Anuja Sharma and Casey Goodlett and Yundi Shi and Sylvain Gouttard and Clement Vachet and Joseph Piven and Hongtu Zhu and Guido Gerig and Martin Styner",
    title = "{UNC-Utah NA-NAMIC} framework for DTI fiber tract  analysis",
    journal = "Frontiers in Neuroinformatics",
    volume = "7",
    number = "51",
    year = "2014",
    month = "January",
    DOI = "10.3389/fninf.2013.00051"
}

@inproceedings{prieto2016autotract,
  title={Autotract: automatic cleaning and tracking of fibers},
  author={Prieto, Juan C and Yang, Jean Y and Budin, Fran{\c{c}}ois and Styner, Martin},
  booktitle={SPIE Medical Imaging},
  pages={978408--978408},
  year={2016},
  organization={International Society for Optics and Photonics}
}

@article{feldman2010diffusion,
  title={Diffusion tensor imaging: a review for pediatric researchers and clinicians},
  author={Feldman, Heidi M and Yeatman, Jason D and Lee, Eliana S and Barde, Laura HF and Gaman-Bean, Shayna},
  journal={Journal of developmental and behavioral pediatrics: JDBP},
  volume={31},
  number={4},
  pages={346},
  year={2010},
  publisher={NIH Public Access}
}

@article{joshi2004unbiased,
  title={Unbiased diffeomorphic atlas construction for computational anatomy},
  author={Joshi, Sarang and Davis, Brad and Jomier, Matthieu and Gerig, Guido},
  journal={NeuroImage},
  volume={23},
  pages={S151--S160},
  year={2004},
  publisher={Elsevier}
}
@article{fletcher2007riemannian,
  title={Riemannian geometry for the statistical analysis of diffusion tensor data},
  author={Fletcher, P Thomas and Joshi, Sarang},
  journal={Signal Processing},
  volume={87},
  number={2},
  pages={250--262},
  year={2007},
  publisher={Elsevier}
}
